<?xml version="1.0" encoding="UTF-8"?><collection xmlns="http://www.loc.gov/MARC21/slim"><record><leader>00452nam--2200181-i-4500</leader><controlfield tag="001">000033520</controlfield><controlfield tag="002">20161230</controlfield><controlfield tag="005">20161230201039</controlfield><controlfield tag="008">060222s1000------------r-----000-0-fre-d</controlfield><datafield ind1=" " ind2=" " tag="040"><subfield code="a">IFIN-HH</subfield></datafield><datafield ind1=" " ind2=" " tag="041"><subfield code="a">fre</subfield></datafield><datafield ind1=" " ind2=" " tag="080"><subfield code="a">514.744.4(082.1)</subfield></datafield><datafield ind1="1" ind2=" " tag="100"><subfield code="a">Morand, Max</subfield></datafield><datafield ind1="1" ind2="0" tag="245"><subfield code="a">Geometrie spinorielle</subfield><subfield code="c">Max morand</subfield></datafield><datafield ind1=" " ind2=" " tag="260"><subfield code="a">Paris</subfield><subfield code="b">Masson Et C-ie Editeurs</subfield><subfield code="c">1973</subfield></datafield><datafield ind1=" " ind2=" " tag="300"><subfield code="a">XX + 236P</subfield></datafield><datafield ind1=" " ind2=" " tag="852"><subfield code="a">45608</subfield><subfield code="c">519.4/5</subfield></datafield><datafield ind1=" " ind2=" " tag="CAT"><subfield code="a">Sys</subfield><subfield code="c">20130813</subfield><subfield code="h">155212</subfield></datafield></record></collection>